VOL1TST031
HDR15678901234567890123456789012345678901118121811103980010000000IBM OS/VS 370                                                  
UHL1 11103
400233xxxxxxxx 0N30669912345678               Regression        TEST123456789     Scenario--------01 146704 
400233yyyyyyyy 0N30669912345678               Regression        TEST987654321     Scenario--------02 146704 
UTL10000000000000000000004960000000000000008                                                        