VOL1TST98
HDR15678901234567890123456789012345678901218178111092980010000000IBM OS/VS 370                                                  
HDR2Z0190800106                                                                                                                  
UHL1 18121                                                                                                                      
306799123456780U109010620987891012100000121000CISA00111111010003xxxxxxx/001       ABC456789   771960
EOF1
EOF2
UTL10000000000000000000012500000000000000001
   